% This file was created with JabRef 2.6.
% Encoding: UTF-8

@ARTICLE{agarwal2011,
  author = {Agarwal, Sameer and Furukawa, Yasutaka and Snavely, Noah and Simon,
	Ian and Curless, Brian and Seitz, Steven M. and Szeliski, Richard},
  title = {Building Rome in a day},
  journal = {Commun. ACM},
  year = {2011},
  volume = {54},
  pages = {105--112},
  number = {10},
  month = oct,
  acmid = {2001293},
  address = {New York, NY, USA},
  doi = {10.1145/2001269.2001293},
  issn = {0001-0782},
  issue_date = {October 2011},
  numpages = {8},
  publisher = {ACM},
  url = {http://doi.acm.org/10.1145/2001269.2001293}
}

@INPROCEEDINGS{kosecka2004,
  author = {Ko\v{s}eck\'{a}, Jana and Ma, Yi and Soatto, Stefano and Vidal, Ren{\'e}},
  title = {Multiple-view geometry for image-based modeling},
  booktitle = {ACM SIGGRAPH 2004 Course Notes},
  year = {2004},
  series = {SIGGRAPH '04},
  address = {New York, NY, USA},
  publisher = {ACM},
  acmid = {1103909},
  articleno = {9},
  doi = {10.1145/1103900.1103909},
  location = {Los Angeles, CA},
  url = {http://doi.acm.org/10.1145/1103900.1103909}
}


@inproceedings{Butler:ECCV:2012,
	title = {A naturalistic open source movie for optical flow evaluation},
	author = {Butler, D. J. and Wulff, J. and Stanley, G. B. and Black, M. J.},
	booktitle = {European Conf. on Computer Vision (ECCV)},
	pages = {611--625},
	series = {Part IV, LNCS 7577},
	editors = {{A. Fitzgibbon et al. (Eds.)}},
	publisher = {Springer-Verlag},
	month = oct,
	year = {2012},
	month_numeric = {10}
}

@InProceedings{Richter_2016_ECCV,
	author = {Stephan R. Richter and Vibhav Vineet and Stefan Roth and Vladlen Koltun},
	title = {Playing for Data: {G}round Truth from Computer Games},
	booktitle = {European Conference on Computer Vision (ECCV)},
	year = {2016},
	editor = {Bastian Leibe and Jiri Matas and Nicu Sebe and Max Welling},
	series = {LNCS}, 
	volume = {9906}, 
	publisher = {Springer International Publishing},
	pages = {102--118}
}

@inproceedings{RosCVPR16,
	author={German Ros and Laura Sellart and Joanna Materzynska and David Vazquez and Antonio Lopez},
	title={ {The SYNTHIA Dataset}: A Large Collection of Synthetic Images for Semantic Segmentation of Urban Scenes},
	booktitle=CVPR,
	year={2016}
}

@Inbook{syb3r2016,
	author="Ley, Andreas and H\"ansch, Ronny and Hellwich, Olaf",
	editor="Leibe, Bastian and Matas, Jiri and Sebe, Nicu and Welling, Max",
	title="SyB3R: A Realistic Synthetic Benchmark for 3D Reconstruction from Images",
	bookTitle="Computer Vision -- ECCV 2016: 14th European Conference, Amsterdam, The Netherlands, October 11--14, 2016, Proceedings, Part VII",
	year="2016",
	publisher="Springer International Publishing",
	pages="236--251"
} 

@comment{jabref-meta: selector_publisher:}

@comment{jabref-meta: selector_author:}

@comment{jabref-meta: selector_journal:}

@comment{jabref-meta: selector_keywords:}

