% This file was created with JabRef 2.6.
% Encoding: UTF-8

@INPROCEEDINGS{kosecka2004,
  author = {Ko\v{s}eck\'{a}, Jana and Ma, Yi and Soatto, Stefano and Vidal, Ren{\'e}},
  title = {Multiple-view geometry for image-based modeling},
  booktitle = {ACM SIGGRAPH 2004 Course Notes},
  year = {2004},
  series = {SIGGRAPH '04},
  address = {New York, NY, USA},
  publisher = {ACM},
  acmid = {1103909},
  articleno = {9},
  doi = {10.1145/1103900.1103909},
  location = {Los Angeles, CA},
  url = {http://doi.acm.org/10.1145/1103900.1103909}
}


@inproceedings{Butler:ECCV:2012,
	title = {A naturalistic open source movie for optical flow evaluation},
	author = {Butler, D. J. and Wulff, J. and Stanley, G. B. and Black, M. J.},
	booktitle = {European Conf. on Computer Vision (ECCV)},
	pages = {611--625},
	series = {Part IV, LNCS 7577},
	editors = {{A. Fitzgibbon et al. (Eds.)}},
	publisher = {Springer-Verlag},
	month = oct,
	year = {2012},
	month_numeric = {10}
}

@InProceedings{Richter_2016_ECCV,
	author = {Stephan R. Richter and Vibhav Vineet and Stefan Roth and Vladlen Koltun},
	title = {Playing for Data: {G}round Truth from Computer Games},
	booktitle = {European Conference on Computer Vision (ECCV)},
	year = {2016},
	editor = {Bastian Leibe and Jiri Matas and Nicu Sebe and Max Welling},
	series = {LNCS}, 
	volume = {9906}, 
	publisher = {Springer International Publishing},
	pages = {102--118}
}

@inproceedings{RosCVPR16,
	author={German Ros and Laura Sellart and Joanna Materzynska and David Vazquez and Antonio Lopez},
	title={ {The SYNTHIA Dataset}: A Large Collection of Synthetic Images for Semantic Segmentation of Urban Scenes},
	booktitle=CVPR,
	year={2016}
}

@Inbook{syb3r2016,
	author="Ley, Andreas and H{\"a}nsch, Ronny and Hellwich, Olaf",
	editor="Leibe, Bastian and Matas, Jiri and Sebe, Nicu and Welling, Max",
	title="SyB3R: A Realistic Synthetic Benchmark for 3D Reconstruction from Images",
	bookTitle="Computer Vision -- ECCV 2016: 14th European Conference, Amsterdam, The Netherlands, October 11--14, 2016, Proceedings, Part VII",
	year="2016",
	publisher="Springer International Publishing",
	pages="236--251"
} 



@article{DBLP:journals/corr/IsolaZZE16,
	author    = {Phillip Isola and
	Jun{-}Yan Zhu and
	Tinghui Zhou and
	Alexei A. Efros},
	title     = {Image-to-Image Translation with Conditional Adversarial Networks},
	journal   = {CoRR},
	volume    = {abs/1611.07004},
	year      = {2016},
	url       = {http://arxiv.org/abs/1611.07004},
	archivePrefix = {arXiv},
	eprint    = {1611.07004},
	timestamp = {Mon, 13 Aug 2018 16:49:05 +0200},
	biburl    = {https://dblp.org/rec/bib/journals/corr/IsolaZZE16},
	bibsource = {dblp computer science bibliography, https://dblp.org}
}




@article{DBLP:journals/corr/ZhuPIE17,
	author    = {Jun{-}Yan Zhu and
	Taesung Park and
	Phillip Isola and
	Alexei A. Efros},
	title     = {Unpaired Image-to-Image Translation using Cycle-Consistent Adversarial
	Networks},
	journal   = {CoRR},
	volume    = {abs/1703.10593},
	year      = {2017},
	url       = {http://arxiv.org/abs/1703.10593},
	archivePrefix = {arXiv},
	eprint    = {1703.10593},
	timestamp = {Mon, 13 Aug 2018 16:48:06 +0200},
	biburl    = {https://dblp.org/rec/bib/journals/corr/ZhuPIE17},
	bibsource = {dblp computer science bibliography, https://dblp.org}
}

@inproceedings{DBLP:conf/cvpr/GatysEB16,
	author    = {Leon A. Gatys and
	Alexander S. Ecker and
	Matthias Bethge},
	title     = {Image Style Transfer Using Convolutional Neural Networks},
	booktitle = {2016 {IEEE} Conference on Computer Vision and Pattern Recognition,
	{CVPR} 2016, Las Vegas, NV, USA, June 27-30, 2016},
	pages     = {2414--2423},
	year      = {2016},
	crossref  = {DBLP:conf/cvpr/2016},
	url       = {https://doi.org/10.1109/CVPR.2016.265},  [Titel anhand dieser DOI in Citavi-Projekt Ã¼bernehmen] 
	doi       = {10.1109/CVPR.2016.265},
	timestamp = {Thu, 25 May 2017 01:00:00 +0200},
	biburl    = {https://dblp.org/rec/bib/conf/cvpr/GatysEB16},
	bibsource = {dblp computer science bibliography, https://dblp.org}
}

@comment{jabref-meta: selector_publisher:}

@comment{jabref-meta: selector_author:}

@comment{jabref-meta: selector_journal:}

@comment{jabref-meta: selector_keywords:}

